@Article{matching,
author = {Fredrik Manne and Mahantesh Halappanavar},
title = {New Effective Multithreaded Matching Algorithms},
OPTjournal = {•},
year = {2014},
OPTkey = {•},
OPTvolume = {•},
OPTnumber = {•},
OPTpages = {•},
OPTmonth = {•},
OPTnote = {•},
OPTannote = {•}
}